@article{stadler2012protocols,
    title={Protocols for Distributed Management},
    author={Stadler, Rolf},
    year={2012}
}
